@article{siam1999,
    author =       "D. Aingworth, C. Chekuri and R. Motwani",
    title =        "{Fast estimation of diameter and shortest paths (without matrix multiplication)}.",
    journal =      " SIAM J. Comput",
    pages =        "1167--1181",
    year =         "1999"
}

@article{LV2013,
    author = "Liam Roditty and Virginia Vassilevska Williams.",
    title = "{Fast approximation algorithms for the diameter and radius of sparse graphs.}",
    journal =      " In Proceedings of the 45th annual ACM symposium on Symposium on theory of computing, STOC ’13",
    pages =        "515-524",
    year =         "2013"
    }
    
    @article{DHZ2000,
    author = "D. Dor, S. Halperin, and U. Zwick.",
    title = "{All-pairs almost shortest paths.}",
    journal =      "SIAM J. Comput.",
    pages =        "1740–1759",
    year =         "2000"
    }
    
    @article{SDLLGREV2000,
    author = "Shiri Chechik, Daniel H. Larkin, Liam Roditty, Grant Schoenebeck, Robert Endre Tarjan, and
Virginia Vassilevska Williams.",
    title = "{Better approximation algorithms for the graph diameter.}",
    journal =      "In
Proceedings of the Twenty-Fifth Annual ACM-SIAM Symposium on Discrete Algorithms, SODA
2014, Portland, Oregon, USA, January 5-7, 2014.",
    pages =        "1041–1052",
    year =         "2014"
    }
    
    
    
    
     @article{AVJ2016,
    author = " Amir Abboud, Virginia Vassilevska Williams, and Joshua R. Wang.",
    title = "{ Approximation and fixed
parameter subquadratic algorithms for radius and diameter in sparse graphs.}",
    journal =      "In Proceedings
of the Twenty-Seventh Annual ACM-SIAM Symposium on Discrete Algorithms, SODA 2016,
Arlington, VA, USA",
    pages =        "377–391",
    year =         "2016"
    }

    
       @article{AVR2018,
    author = " Andrea Lincoln, Virginia Vassilevska Williams, and Ryan Williams.",
    title = "{ Tight hardness for shortest
cycles and paths in sparse graphs.}",
    journal =      "SODA",
    year =         "2018"
    }
